{
  "leader" : "09093nam a2200961uc 4500",
  "fields" : [ {
    "008" : "       1999    ilub   b     a      eng "
  }, {
    "010" : {
      "subfields" : [ {
        "a" : "2019493854"
      }, {
        "z" : "88888888"
      } ],
      "ind1" : " ",
      "ind2" : " "
    }
  }, {
    "019" : {
      "subfields" : [ {
        "a" : "19861509"
      } ],
      "ind1" : " ",
      "ind2" : " "
    }
  }, {
    "019" : {
      "subfields" : [ {
        "z" : "09151986"
      } ],
      "ind1" : " ",
      "ind2" : " "
    }
  }, {
    "020" : {
      "subfields" : [ {
        "a" : "9780143789963"
      }, {
        "q" : "(paperback)"
      } ],
      "ind1" : " ",
      "ind2" : " "
    }
  }, {
    "020" : {
      "subfields" : [ {
        "z" : "9999999"
      }, {
        "q" : "(paperback)"
      } ],
      "ind1" : " ",
      "ind2" : " "
    }
  }, {
    "024" : {
      "subfields" : [ {
        "a" : "111222"
      }, {
        "q" : "eanIdQal"
      } ],
      "ind1" : "3",
      "ind2" : " "
    }
  }, {
    "024" : {
      "subfields" : [ {
        "q" : "eanIdQal"
      }, {
        "z" : "333"
      } ],
      "ind1" : "3",
      "ind2" : " "
    }
  }, {
    "024" : {
      "subfields" : [ {
        "a" : "20232023"
      }, {
        "q" : "otherIdQal"
      } ],
      "ind1" : " ",
      "ind2" : " "
    }
  }, {
    "024" : {
      "subfields" : [ {
        "q" : "otherIdQal"
      }, {
        "z" : "231123"
      } ],
      "ind1" : " ",
      "ind2" : " "
    }
  }, {
    "043" : {
      "subfields" : [ {
        "a" : "n-us"
      } ],
      "ind1" : " ",
      "ind2" : " "
    }
  }, {
    "046" : {
      "subfields" : [ {
        "k" : "2023"
      }, {
        "l" : "2024"
      } ],
      "ind1" : " ",
      "ind2" : " "
    }
  }, {
    "050" : {
      "subfields" : [ {
        "a" : "code1"
      }, {
        "a" : "code2"
      }, {
        "b" : "item number"
      } ],
      "ind1" : "0",
      "ind2" : "0"
    }
  }, {
    "082" : {
      "subfields" : [ {
        "a" : "Dewey Decimal Classification value"
      }, {
        "b" : "item number"
      }, {
        "2" : "edition number"
      }, {
        "q" : "assigning agency"
      } ],
      "ind1" : "0",
      "ind2" : "4"
    }
  }, {
    "100" : {
      "subfields" : [ {
        "a" : "CREATOR PERSON name"
      }, {
        "b" : "CREATOR PERSON numeration"
      }, {
        "c" : "CREATOR PERSON titles"
      }, {
        "d" : "CREATOR PERSON date"
      }, {
        "j" : "CREATOR PERSON attribution"
      }, {
        "q" : "CREATOR PERSON name alternative"
      }, {
        "u" : "CREATOR PERSON affiliation"
      }, {
        "0" : "CREATOR PERSON authority link"
      }, {
        "1" : "CREATOR PERSON equivalent"
      }, {
        "6" : "CREATOR PERSON linkage"
      }, {
        "7" : "CREATOR PERSON control field"
      }, {
        "8" : "CREATOR PERSON field link"
      } ],
      "ind1" : " ",
      "ind2" : " "
    }
  }, {
    "100" : {
      "subfields" : [ {
        "a" : "CREATOR FAMILY name"
      }, {
        "b" : "CREATOR FAMILY numeration"
      }, {
        "c" : "CREATOR FAMILY titles"
      }, {
        "d" : "CREATOR FAMILY date"
      }, {
        "j" : "CREATOR FAMILY attribution"
      }, {
        "q" : "CREATOR FAMILY name alternative"
      }, {
        "u" : "CREATOR FAMILY affiliation"
      }, {
        "0" : "CREATOR FAMILY authority link"
      }, {
        "1" : "CREATOR FAMILY equivalent"
      }, {
        "6" : "CREATOR FAMILY linkage"
      }, {
        "7" : "CREATOR FAMILY control field"
      }, {
        "8" : "CREATOR FAMILY field link"
      } ],
      "ind1" : "3",
      "ind2" : " "
    }
  }, {
    "110" : {
      "subfields" : [ {
        "a" : "CREATOR ORGANIZATION name"
      }, {
        "b" : "CREATOR ORGANIZATION subordinate unit"
      }, {
        "c" : "CREATOR ORGANIZATION place"
      }, {
        "d" : "CREATOR ORGANIZATION date"
      }, {
        "u" : "CREATOR ORGANIZATION affiliation"
      }, {
        "0" : "CREATOR ORGANIZATION authority link"
      }, {
        "1" : "CREATOR ORGANIZATION equivalent"
      }, {
        "6" : "CREATOR ORGANIZATION linkage"
      }, {
        "7" : "CREATOR ORGANIZATION control field"
      }, {
        "8" : "CREATOR ORGANIZATION field link"
      } ],
      "ind1" : " ",
      "ind2" : " "
    }
  }, {
    "111" : {
      "subfields" : [ {
        "a" : "CREATOR MEETING name"
      }, {
        "c" : "CREATOR MEETING place"
      }, {
        "d" : "CREATOR MEETING date"
      }, {
        "e" : "CREATOR MEETING subordinate unit"
      }, {
        "u" : "CREATOR MEETING affiliation"
      }, {
        "0" : "CREATOR MEETING authority link"
      }, {
        "1" : "CREATOR MEETING equivalent"
      }, {
        "6" : "CREATOR MEETING linkage"
      }, {
        "7" : "CREATOR MEETING control field"
      }, {
        "8" : "CREATOR MEETING field link"
      } ],
      "ind1" : " ",
      "ind2" : " "
    }
  }, {
    "245" : {
      "subfields" : [ {
        "a" : "MainTitle"
      }, {
        "b" : "SubTitle"
      }, {
        "c" : "Statement Of Responsibility"
      }, {
        "n" : "8"
      }, {
        "p" : "PartName"
      } ],
      "ind1" : " ",
      "ind2" : "7"
    }
  }, {
    "246" : {
      "subfields" : [ {
        "a" : "Parallel-MainTitle"
      }, {
        "b" : "Parallel-SubTitle"
      }, {
        "f" : "2023-01-01"
      }, {
        "i" : "Parallel-Note"
      }, {
        "n" : "6"
      }, {
        "p" : "Parallel-PartName"
      } ],
      "ind1" : " ",
      "ind2" : "1"
    }
  }, {
    "246" : {
      "subfields" : [ {
        "a" : "Variant-MainTitle"
      }, {
        "b" : "Variant-SubTitle"
      }, {
        "f" : "2023-02-02"
      }, {
        "i" : "Variant-Note"
      }, {
        "n" : "5"
      }, {
        "p" : "Variant-PartName"
      } ],
      "ind1" : " ",
      "ind2" : "9"
    }
  }, {
    "250" : {
      "subfields" : [ {
        "a" : "Edition Statement Edition statement2"
      } ],
      "ind1" : " ",
      "ind2" : " "
    }
  }, {
    "257" : {
      "subfields" : [ {
        "a" : "France"
      } ],
      "ind1" : " ",
      "ind2" : " "
    }
  }, {
    "263" : {
      "subfields" : [ {
        "a" : "projectedProvisionDate"
      } ],
      "ind1" : " ",
      "ind2" : " "
    }
  }, {
    "264" : {
      "subfields" : [ {
        "a" : "Production Place"
      }, {
        "b" : "Production Name"
      }, {
        "c" : "Production Date"
      } ],
      "ind1" : " ",
      "ind2" : "0"
    }
  }, {
    "264" : {
      "subfields" : [ {
        "a" : "Publication Place"
      }, {
        "b" : "Publication Name"
      }, {
        "c" : "Publication Date"
      } ],
      "ind1" : " ",
      "ind2" : "1"
    }
  }, {
    "264" : {
      "subfields" : [ {
        "a" : "Distribution Place"
      }, {
        "b" : "Distribution Name"
      }, {
        "c" : "Distribution Date"
      } ],
      "ind1" : " ",
      "ind2" : "2"
    }
  }, {
    "264" : {
      "subfields" : [ {
        "a" : "Manufacture Place"
      }, {
        "b" : "Manufacture Name"
      }, {
        "c" : "Manufacture Date"
      } ],
      "ind1" : " ",
      "ind2" : "3"
    }
  }, {
    "264" : {
      "subfields" : [ {
        "c" : "2018"
      } ],
      "ind1" : " ",
      "ind2" : "4"
    }
  }, {
    "300" : {
      "subfields" : [ {
        "a" : "extent"
      }, {
        "c" : "dimensions"
      } ],
      "ind1" : " ",
      "ind2" : " "
    }
  }, {
    "300" : {
      "subfields" : [ {
        "a" : "extent, details"
      } ],
      "ind1" : " ",
      "ind2" : " "
    }
  }, {
    "310" : {
      "subfields" : [ {
        "a" : "frequency, date"
      } ],
      "ind1" : " ",
      "ind2" : " "
    }
  }, {
    "334" : {
      "subfields" : [ {
        "a" : "issuance"
      } ],
      "ind1" : " ",
      "ind2" : " "
    }
  }, {
    "336" : {
      "subfields" : [ {
        "a" : "CONTENT term"
      }, {
        "b" : "CONTENT code"
      }, {
        "2" : "CONTENT source"
      } ],
      "ind1" : " ",
      "ind2" : " "
    }
  }, {
    "337" : {
      "subfields" : [ {
        "a" : "MEDIA term"
      }, {
        "b" : "MEDIA code"
      }, {
        "2" : "MEDIA source"
      } ],
      "ind1" : " ",
      "ind2" : " "
    }
  }, {
    "338" : {
      "subfields" : [ {
        "a" : "CARRIER term"
      }, {
        "b" : "CARRIER code"
      }, {
        "2" : "CARRIER source"
      } ],
      "ind1" : " ",
      "ind2" : " "
    }
  }, {
    "362" : {
      "subfields" : [ {
        "a" : "dates, source"
      } ],
      "ind1" : " ",
      "ind2" : " "
    }
  }, {
    "500" : {
      "subfields" : [ {
        "a" : "general note"
      } ],
      "ind1" : " ",
      "ind2" : " "
    }
  }, {
    "501" : {
      "subfields" : [ {
        "a" : "with note"
      } ],
      "ind1" : " ",
      "ind2" : " "
    }
  }, {
    "505" : {
      "subfields" : [ {
        "a" : "work table of contents"
      } ],
      "ind1" : " ",
      "ind2" : " "
    }
  }, {
    "506" : {
      "subfields" : [ {
        "a" : "terms, jurisdiction, provisions, users, authorization, terminology, date, agency"
      } ],
      "ind1" : " ",
      "ind2" : " "
    }
  }, {
    "508" : {
      "subfields" : [ {
        "a" : "credits note"
      } ],
      "ind1" : " ",
      "ind2" : " "
    }
  }, {
    "511" : {
      "subfields" : [ {
        "a" : "participant note"
      } ],
      "ind1" : " ",
      "ind2" : " "
    }
  }, {
    "513" : {
      "subfields" : [ {
        "a" : "type, period"
      } ],
      "ind1" : " ",
      "ind2" : " "
    }
  }, {
    "515" : {
      "subfields" : [ {
        "a" : "issuance note"
      } ],
      "ind1" : " ",
      "ind2" : " "
    }
  }, {
    "516" : {
      "subfields" : [ {
        "a" : "computer data note"
      } ],
      "ind1" : " ",
      "ind2" : " "
    }
  }, {
    "520" : {
      "subfields" : [ {
        "a" : "work summary"
      } ],
      "ind1" : " ",
      "ind2" : " "
    }
  }, {
    "524" : {
      "subfields" : [ {
        "a" : "citation coverage note"
      } ],
      "ind1" : " ",
      "ind2" : " "
    }
  }, {
    "530" : {
      "subfields" : [ {
        "a" : "additional physical form note"
      } ],
      "ind1" : " ",
      "ind2" : " "
    }
  }, {
    "532" : {
      "subfields" : [ {
        "a" : "accessibility note"
      } ],
      "ind1" : " ",
      "ind2" : " "
    }
  }, {
    "533" : {
      "subfields" : [ {
        "a" : "type, place, agency, date, description, statement, note"
      } ],
      "ind1" : " ",
      "ind2" : " "
    }
  }, {
    "534" : {
      "subfields" : [ {
        "a" : "entry, statement, publication, description, series statement, key title, details, note, title"
      } ],
      "ind1" : " ",
      "ind2" : " "
    }
  }, {
    "535" : {
      "subfields" : [ {
        "a" : "custodian, postal address, country, address, code"
      } ],
      "ind1" : " ",
      "ind2" : " "
    }
  }, {
    "536" : {
      "subfields" : [ {
        "a" : "text, contact, grant, undifferentiated, program element, project, task, work unit"
      } ],
      "ind1" : " ",
      "ind2" : " "
    }
  }, {
    "538" : {
      "subfields" : [ {
        "a" : "note, text, uri"
      } ],
      "ind1" : " ",
      "ind2" : " "
    }
  }, {
    "542" : {
      "subfields" : [ {
        "a" : "creator, date, corporate creator, holder, information, statement, copyright date, renewal date, publication date, creation date, publisher, status, publication status, note, research date, country, agency, jurisdiction"
      } ],
      "ind1" : " ",
      "ind2" : " "
    }
  }, {
    "544" : {
      "subfields" : [ {
        "a" : "custodian, address, country, title, provenance, note"
      } ],
      "ind1" : " ",
      "ind2" : " "
    }
  }, {
    "547" : {
      "subfields" : [ {
        "a" : "former title note"
      } ],
      "ind1" : " ",
      "ind2" : " "
    }
  }, {
    "550" : {
      "subfields" : [ {
        "a" : "issuing body note"
      } ],
      "ind1" : " ",
      "ind2" : " "
    }
  }, {
    "552" : {
      "subfields" : [ {
        "a" : "label, definition, attribute label, source, value, domain definition, range, codeset, domain, units, date, accuracy, explanation, frequency, overview, citation, uri, note"
      } ],
      "ind1" : " ",
      "ind2" : " "
    }
  }, {
    "555" : {
      "subfields" : [ {
        "a" : "note, source, control, reference"
      } ],
      "ind1" : " ",
      "ind2" : " "
    }
  }, {
    "556" : {
      "subfields" : [ {
        "a" : "info about doc note"
      } ],
      "ind1" : " ",
      "ind2" : " "
    }
  }, {
    "585" : {
      "subfields" : [ {
        "a" : "exhibitions note"
      } ],
      "ind1" : " ",
      "ind2" : " "
    }
  }, {
    "588" : {
      "subfields" : [ {
        "a" : "description source note"
      } ],
      "ind1" : " ",
      "ind2" : " "
    }
  }, {
    "600" : {
      "subfields" : [ {
        "a" : "family name"
      }, {
        "b" : "family numeration"
      }, {
        "c" : "family titles"
      }, {
        "d" : "family date"
      }, {
        "e" : "family relator term"
      }, {
        "j" : "family attribution"
      }, {
        "q" : "family name alternative"
      }, {
        "u" : "family affiliation"
      }, {
        "v" : "family form subdivision"
      }, {
        "x" : "family general subdivision"
      }, {
        "y" : "family chronological subdivision"
      }, {
        "z" : "family geographic subdivision"
      }, {
        "0" : "family authority link"
      }, {
        "1" : "family equivalent"
      }, {
        "2" : "family source"
      }, {
        "3" : "family materials specified"
      }, {
        "4" : "family relator code"
      }, {
        "6" : "family linkage"
      }, {
        "7" : "family control field"
      }, {
        "8" : "family field link"
      } ],
      "ind1" : "3",
      "ind2" : " "
    }
  }, {
    "600" : {
      "subfields" : [ {
        "a" : "person name"
      }, {
        "b" : "person numeration"
      }, {
        "c" : "person titles"
      }, {
        "d" : "person date"
      }, {
        "e" : "person relator term"
      }, {
        "j" : "person attribution"
      }, {
        "q" : "person name alternative"
      }, {
        "u" : "person affiliation"
      }, {
        "v" : "person form subdivision"
      }, {
        "x" : "person general subdivision"
      }, {
        "y" : "person chronological subdivision"
      }, {
        "z" : "person geographic subdivision"
      }, {
        "0" : "person authority link"
      }, {
        "1" : "person equivalent"
      }, {
        "2" : "person source"
      }, {
        "3" : "person materials specified"
      }, {
        "4" : "person relator code"
      }, {
        "6" : "person linkage"
      }, {
        "7" : "person control field"
      }, {
        "8" : "person field link"
      } ],
      "ind1" : " ",
      "ind2" : " "
    }
  }, {
    "610" : {
      "subfields" : [ {
        "a" : "jurisdiction name"
      }, {
        "b" : "jurisdiction subordinate unit"
      }, {
        "c" : "jurisdiction place"
      }, {
        "d" : "jurisdiction date"
      }, {
        "e" : "jurisdiction relator term"
      }, {
        "u" : "jurisdiction affiliation"
      }, {
        "v" : "jurisdiction form subdivision"
      }, {
        "x" : "jurisdiction general subdivision"
      }, {
        "y" : "jurisdiction chronological subdivision"
      }, {
        "z" : "jurisdiction geographic subdivision"
      }, {
        "0" : "jurisdiction authority link"
      }, {
        "1" : "jurisdiction equivalent"
      }, {
        "2" : "jurisdiction source"
      }, {
        "3" : "jurisdiction materials specified"
      }, {
        "4" : "jurisdiction relator code"
      }, {
        "6" : "jurisdiction linkage"
      }, {
        "7" : "jurisdiction control field"
      }, {
        "8" : "jurisdiction field link"
      } ],
      "ind1" : "1",
      "ind2" : " "
    }
  }, {
    "610" : {
      "subfields" : [ {
        "a" : "organization name"
      }, {
        "b" : "organization subordinate unit"
      }, {
        "c" : "organization place"
      }, {
        "d" : "organization date"
      }, {
        "e" : "organization relator term"
      }, {
        "u" : "organization affiliation"
      }, {
        "v" : "organization form subdivision"
      }, {
        "x" : "organization general subdivision"
      }, {
        "y" : "organization chronological subdivision"
      }, {
        "z" : "organization geographic subdivision"
      }, {
        "0" : "organization authority link"
      }, {
        "1" : "organization equivalent"
      }, {
        "2" : "organization source"
      }, {
        "3" : "organization materials specified"
      }, {
        "4" : "organization relator code"
      }, {
        "6" : "organization linkage"
      }, {
        "7" : "organization control field"
      }, {
        "8" : "organization field link"
      } ],
      "ind1" : " ",
      "ind2" : " "
    }
  }, {
    "650" : {
      "subfields" : [ {
        "a" : "topic name"
      }, {
        "b" : "topic geographic coverage"
      }, {
        "c" : "topic location of event"
      }, {
        "d" : "topic date"
      }, {
        "e" : "topic relator term"
      }, {
        "g" : "topic misc info"
      }, {
        "v" : "topic form subdivision"
      }, {
        "x" : "topic general subdivision"
      }, {
        "y" : "topic chronological subdivision"
      }, {
        "z" : "topic geographic subdivision"
      }, {
        "0" : "topic authority link"
      }, {
        "1" : "topic equivalent"
      }, {
        "2" : "topic source"
      }, {
        "3" : "topic materials specified"
      }, {
        "4" : "topic relator code"
      }, {
        "6" : "topic linkage"
      }, {
        "7" : "topic control field"
      }, {
        "8" : "topic field link"
      } ],
      "ind1" : " ",
      "ind2" : " "
    }
  }, {
    "651" : {
      "subfields" : [ {
        "a" : "place name"
      }, {
        "e" : "place relator term"
      }, {
        "g" : "place misc info"
      }, {
        "v" : "place form subdivision"
      }, {
        "x" : "place general subdivision"
      }, {
        "y" : "place chronological subdivision"
      }, {
        "z" : "place geographic subdivision"
      }, {
        "0" : "place authority link"
      }, {
        "1" : "place equivalent"
      }, {
        "2" : "place source"
      }, {
        "3" : "place materials specified"
      }, {
        "4" : "place relator code"
      }, {
        "6" : "place linkage"
      }, {
        "7" : "place control field"
      }, {
        "8" : "place field link"
      } ],
      "ind1" : " ",
      "ind2" : " "
    }
  }, {
    "655" : {
      "subfields" : [ {
        "a" : "form name"
      }, {
        "b" : "form misc info"
      }, {
        "e" : "form relator term"
      }, {
        "v" : "form form subdivision"
      }, {
        "x" : "form general subdivision"
      }, {
        "y" : "form chronological subdivision"
      }, {
        "z" : "form geographic subdivision"
      }, {
        "0" : "form authority link"
      }, {
        "1" : "form equivalent"
      }, {
        "2" : "form source"
      }, {
        "3" : "form materials specified"
      }, {
        "4" : "form relator code"
      }, {
        "6" : "form linkage"
      }, {
        "7" : "form control field"
      }, {
        "8" : "form field link"
      } ],
      "ind1" : " ",
      "ind2" : " "
    }
  }, {
    "700" : {
      "subfields" : [ {
        "a" : "CONTRIBUTOR PERSON name"
      }, {
        "b" : "CONTRIBUTOR PERSON numeration"
      }, {
        "c" : "CONTRIBUTOR PERSON titles"
      }, {
        "d" : "CONTRIBUTOR PERSON date"
      }, {
        "j" : "CONTRIBUTOR PERSON attribution"
      }, {
        "q" : "CONTRIBUTOR PERSON name alternative"
      }, {
        "u" : "CONTRIBUTOR PERSON affiliation"
      }, {
        "0" : "CONTRIBUTOR PERSON authority link"
      }, {
        "1" : "CONTRIBUTOR PERSON equivalent"
      }, {
        "6" : "CONTRIBUTOR PERSON linkage"
      }, {
        "7" : "CONTRIBUTOR PERSON control field"
      }, {
        "8" : "CONTRIBUTOR PERSON field link"
      } ],
      "ind1" : " ",
      "ind2" : " "
    }
  }, {
    "700" : {
      "subfields" : [ {
        "a" : "CONTRIBUTOR FAMILY name"
      }, {
        "b" : "CONTRIBUTOR FAMILY numeration"
      }, {
        "c" : "CONTRIBUTOR FAMILY titles"
      }, {
        "d" : "CONTRIBUTOR FAMILY date"
      }, {
        "j" : "CONTRIBUTOR FAMILY attribution"
      }, {
        "q" : "CONTRIBUTOR FAMILY name alternative"
      }, {
        "u" : "CONTRIBUTOR FAMILY affiliation"
      }, {
        "0" : "CONTRIBUTOR FAMILY authority link"
      }, {
        "1" : "CONTRIBUTOR FAMILY equivalent"
      }, {
        "6" : "CONTRIBUTOR FAMILY linkage"
      }, {
        "7" : "CONTRIBUTOR FAMILY control field"
      }, {
        "8" : "CONTRIBUTOR FAMILY field link"
      } ],
      "ind1" : "3",
      "ind2" : " "
    }
  }, {
    "710" : {
      "subfields" : [ {
        "a" : "CONTRIBUTOR ORGANIZATION name"
      }, {
        "b" : "CONTRIBUTOR ORGANIZATION subordinate unit"
      }, {
        "c" : "CONTRIBUTOR ORGANIZATION place"
      }, {
        "d" : "CONTRIBUTOR ORGANIZATION date"
      }, {
        "u" : "CONTRIBUTOR ORGANIZATION affiliation"
      }, {
        "0" : "CONTRIBUTOR ORGANIZATION authority link"
      }, {
        "1" : "CONTRIBUTOR ORGANIZATION equivalent"
      }, {
        "6" : "CONTRIBUTOR ORGANIZATION linkage"
      }, {
        "7" : "CONTRIBUTOR ORGANIZATION control field"
      }, {
        "8" : "CONTRIBUTOR ORGANIZATION field link"
      } ],
      "ind1" : " ",
      "ind2" : " "
    }
  }, {
    "711" : {
      "subfields" : [ {
        "a" : "CONTRIBUTOR MEETING name"
      }, {
        "c" : "CONTRIBUTOR MEETING place"
      }, {
        "d" : "CONTRIBUTOR MEETING date"
      }, {
        "e" : "CONTRIBUTOR MEETING subordinate unit"
      }, {
        "u" : "CONTRIBUTOR MEETING affiliation"
      }, {
        "0" : "CONTRIBUTOR MEETING authority link"
      }, {
        "1" : "CONTRIBUTOR MEETING equivalent"
      }, {
        "6" : "CONTRIBUTOR MEETING linkage"
      }, {
        "7" : "CONTRIBUTOR MEETING control field"
      }, {
        "8" : "CONTRIBUTOR MEETING field link"
      } ],
      "ind1" : " ",
      "ind2" : " "
    }
  }, {
    "753" : {
      "subfields" : [ {
        "a" : "model, language, system"
      } ],
      "ind1" : " ",
      "ind2" : " "
    }
  }, {
    "856" : {
      "subfields" : [ {
        "u" : "access location URI"
      }, {
        "z" : "access location note"
      } ],
      "ind1" : " ",
      "ind2" : " "
    }
  }, {
    "999" : {
      "subfields" : [ {
        "i" : "2165ef4b-001f-46b3-a60e-52bcdeb3d5a1"
      }, {
        "s" : "43d58061-decf-4d74-9747-0e1c368e861b"
      } ],
      "ind1" : "f",
      "ind2" : "f"
    }
  } ]
}